@ARTICLE{Mens2004Survey,
  author={Mens, T. and Tourwe, T.},
  journal={IEEE Transactions on Software Engineering}, 
  title={A survey of software refactoring}, 
  year={2004},
  volume={30},
  number={2},
  pages={126-139},
  doi={10.1109/TSE.2004.1265817}}

@phdthesis{Opdyke1992Refactoring,
  added-at = {2010-04-21T17:15:53.000+0200},
  author = {Opdyke, William F.},
  keywords = {refactoring},
  number = {Technical Report UIUC-DCS-R-92-1759},
  owner = {pdeleenh},
  school = {University of Illinois at Urbana-Champaign},
  timestamp = {2010-04-21T17:15:53.000+0200},
  title = {Refactoring: A Program Restructuring Aid in Designing Object-Oriented
	Application Frameworks},
  year = 1992
}

@BOOK{Fowler1999Refactoring,
  TITLE = {Refactoring: Improving the Design of Existing Code},
  AUTHOR = {Fowler, M. and Becker, P. and Beck, K. and Brant, J. and Opdyke, W. and Roberts, D.},
  YEAR = {1999},
  PUBLISHER = {Addison-Wesley Professional},
}


@INPROCEEDINGS{QScored2021Sharma,
  author={Sharma, Tushar and Kessentini, Marouane},
  booktitle={2021 IEEE/ACM 18th International Conference on Mining Software Repositories (MSR)}, 
  title={QScored: A Large Dataset of Code Smells and Quality Metrics}, 
  year={2021},
  volume={},
  number={},
  pages={590-594},
  doi={10.1109/MSR52588.2021.00080}}

@inproceedings{Detecting2018Nucci,
title = "Detecting code smells using machine learning techniques: Are we there yet?",
author = "{Di Nucci}, Dario and Fabio Palomba and Tamburri, {Damian A.} and Alexander Serebrenik and {De Lucia}, Andrea",
year = "2018",
month = mar,
doi = "10.1109/saner.2018.8330266",
language = "English",
isbn = "9781538649695",
booktitle = "2018 IEEE 25th International Conference on Software Analysis, Evolution and Reengineering (SANER)",
}

@inproceedings{ConcernMeBS2013Blonski,
author = {Blonski, Hayllander and Padilha, Juliana and Barbosa, Marina and Santana, Diogo and Figueiredo, Eduardo},
year = {2013},
month = {08},
pages = {},
title = {ConcernMeBS: Metrics-based Detection of Code Smells}
}

@inproceedings{Johnson2013Why,
title	= {Why Don't Software Developers Use Static Analysis Tools to Find Bugs?},
author	= {Brittany Johnson and Yoonki Song and Emerson Murphy-Hill and Robert Bowdidge},
year	= {2013},
booktitle	= {International Conference on Software Engineering},
pages	= {672-681}
}

@article{Fenton1999Software,
author = {Fenton, Norman and Neil, Martin},
title = "Software metrics: successes, failures and new directions",
journal = "Journal of Systems and Software",
volume = "47",
number = "2",
pages = "149 - 157",
year = "1999",
issn = "0164-1212",
}

@INPROCEEDINGS{Xu2017,
  author={Xu, Sihan and Sivaraman, Aishwarya and Khoo, Siau-Cheng and Xu, Jing},
  booktitle={2017 IEEE 28th International Symposium on Software Reliability Engineering (ISSRE)}, 
  title={GEMS: An Extract Method Refactoring Recommender}, 
  year={2017},
  volume={},
  number={},
  pages={24-34},
  doi={10.1109/ISSRE.2017.35}}

@ARTICLE{Murphy-Hill2012,
  author={Murphy-Hill, Emerson and Parnin, Chris and Black, Andrew P.},
  journal={IEEE Transactions on Software Engineering}, 
  title={How We Refactor, and How We Know It}, 
  year={2012},
  volume={38},
  number={1},
  pages={5-18},
  doi={10.1109/TSE.2011.41}}



@misc{feng2020codebert,
      title={CodeBERT: A Pre-Trained Model for Programming and Natural Languages}, 
      author={Zhangyin Feng and Daya Guo and Duyu Tang and Nan Duan and Xiaocheng Feng and Ming Gong and Linjun Shou and Bing Qin and Ting Liu and Daxin Jiang and Ming Zhou},
      year={2020},
      eprint={2002.08155},
      archivePrefix={arXiv},
      primaryClass={cs.CL}
}

@article{guo2022unixcoder,
  title={Unixcoder: Unified cross-modal pre-training for code representation},
  author={Guo, Daya and Lu, Shuai and Duan, Nan and Wang, Yanlin and Zhou, Ming and Yin, Jian},
  journal={arXiv preprint arXiv:2203.03850},
  year={2022}
}
@article{zhou2019devign,
  title={Devign: Effective vulnerability identification by learning comprehensive program semantics via graph neural networks},
  author={Zhou, Yaqin and Liu, Shangqing and Siow, Jingkai and Du, Xiaoning and Liu, Yang},
  journal={Advances in neural information processing systems},
  volume={32},
  year={2019}
}

@inproceedings{kanade2020learning,
  title={Learning and evaluating contextual embedding of source code},
  author={Kanade, Aditya and Maniatis, Petros and Balakrishnan, Gogul and Shi, Kensen},
  booktitle={International conference on machine learning},
  pages={5110--5121},
  year={2020},
  organization={PMLR}
}

@article{vaswani2017attention,
  title={Attention is all you need},
  author={Vaswani, A},
  journal={Advances in Neural Information Processing Systems},
  year={2017}
}

@book{spinellis2006code,
  title={Code quality: the open source perspective},
  author={Spinellis, Diomidis},
  year={2006},
  publisher={Adobe Press}
}

@incollection{seaman2011measuring,
  title={Measuring and monitoring technical debt},
  author={Seaman, Carolyn and Guo, Yuepu},
  booktitle={Advances in Computers},
  volume={82},
  pages={25--46},
  year={2011},
  publisher={Elsevier}
}


@article{Guo2020GraphCodeBERT,
  author    = {Daya Guo and
               Shuo Ren and
               Shuai Lu and
               Zhangyin Feng and
               Duyu Tang and
               Shujie Liu and
               Long Zhou and
               Nan Duan and
               Alexey Svyatkovskiy and
               Shengyu Fu and
               Michele Tufano and
               Shao Kun Deng and
               Colin B. Clement and
               Dawn Drain and
               Neel Sundaresan and
               Jian Yin and
               Daxin Jiang and
               Ming Zhou},
  title     = {GraphCodeBERT: Pre-training Code Representations with Data Flow},
  journal   = {CoRR},
  volume    = {abs/2009.08366},
  year      = {2020},
  eprinttype = {arXiv},
  eprint    = {2009.08366},
}


@article{Aniche2020Effectiveness,
  title={The Effectiveness of Supervised Machine Learning Algorithms in Predicting Software Refactoring},
  author={Maur{\'i}cio Finavaro Aniche and Erick Galani Maziero and Rafael Serapilha Durelli and Vinicius H. S. Durelli},
  journal={IEEE Transactions on Software Engineering},
  year={2020},
  volume={48},
  pages={1432-1450}
}

@article{Sagar2021Comparing,
    AUTHOR = "Sagar, Priyadarshni Suresh and AlOmar, Eman Abdulah and Mkaouer, Mohamed Wiem and Ouni, Ali and Newman, Christian D.",
    TITLE = "Comparing Commit Messages and Source Code Metrics for the Prediction Refactoring Activities",
    JOURNAL = "Algorithms",
    VOLUME = "14",
    YEAR = "2021",
    NUMBER = "10",
    ARTICLE-NUMBER = "289",
    ISSN = "1999-4893",
    DOI = "10.3390/733_Sagar2021"
}

@inproceedings{Fontana2013Code,
    author = {Arcelli Fontana, Francesca and Zanoni, Marco and Marino, Alessandro and Mäntylä, Mika},
    year = {2013},
    month = {09},
    pages = {396-399},
    title = {Code Smell Detection: Towards a Machine Learning-Based Approach},
    journal = {IEEE International Conference on Software Maintenance, ICSM},
    doi = {10.1109/ICSM.2013.56}
}
@INPROCEEDINGS{Karmakae2021Modelcoderep,
  author={Karmakar, Anjan and Robbes, Romain},
  booktitle={2021 36th IEEE/ACM International Conference on Automated Software Engineering (ASE)}, 
  title={What do pre-trained code models know about code?}, 
  year={2021},
  volume={},
  number={},
  pages={1332-1336},
  doi={10.1109/ASE51524.2021.9678927}}

@mastersthesis{Gerling2020Machine,
  author = {Gerling, Jan},
  school = {Delft University of Technology},
  title = {Machine Learning for Software Refactoring: a Large-Scale Empirical Study},
  year = 2020
}


@article{Fontana2015Comparing,
author = {Arcelli Fontana, Francesca and Mäntylä, Mika and Zanoni, Marco and Marino, Alessandro},
year = {2015},
month = {06},
pages = {},
title = {Comparing and experimenting machine learning techniques for code smell detection},
volume = {21},
journal = {Empirical Software Engineering},
doi = {10.1007/s10664-015-9378-4}
}

@article{Fontana2017Code,
title = {Code smell severity classification using machine learning techniques},
journal = {Knowledge-Based Systems},
volume = {128},
pages = {43-58},
year = {2017},
issn = {0950-7051},
doi = {https://doi.org/10.1016/j.knosys.2017.04.014},
author = {Francesca {Arcelli Fontana} and Marco Zanoni},
keywords = {Code smells detection, Machine learning, Code smell severity, Ordinal classification, Refactoring prioritization}
}

@inproceedings{VanDerLeij2021Data,
author = {van der Leij, David and Binda, Jasper and van Dalen, Robbert and Vallen, Pieter and Luo, Yaping and Aniche, Maur\'{\i}cio},
title = {Data-Driven Extract Method Recommendations: A Study at ING},
year = {2021},
isbn = {9781450385626},
publisher = {Association for Computing Machinery},
doi = {10.1145/3468264.3473927},
pages = {1337–1347},
numpages = {11},

}

@inproceedings{Kumar2019Method,
author = {Kumar, Lov and Satapathy, Shashank Mouli and Murthy, Lalita Bhanu},
title = {Method Level Refactoring Prediction on Five Open Source Java Projects Using Machine Learning Techniques},
year = {2019},
isbn = {9781450362153},
doi = {10.1145/3299771.3299777},
booktitle = {Proceedings of the 12th Innovations on Software Engineering Conference},
articleno = {7},
numpages = {10},
}

@inproceedings{Wan2022What,
author = {Wan, Yao and Zhao, Wei and Zhang, Hongyu and Sui, Yulei and Xu, Guandong and Jin, Hai},
title = {What Do They Capture? A Structural Analysis of Pre-Trained Language Models for Source Code},
year = {2022},
isbn = {9781450392211},
publisher = {Association for Computing Machinery},
doi = {10.1145/3510003.3510050},
pages = {2377–2388},
numpages = {12},

}

@article{Karakati2023Software,
author = {Karakati, Chitti Babu and Thirumaaran, Sethukarasi},
title = {Software code refactoring based on deep neural network-based fitness function},
journal = {Concurrency and Computation: Practice and Experience},
volume = {35},
number = {4},
pages = {e7531},
keywords = {deep neural network, genetic algorithm, machine learning algorithms, software code refactoring},
doi = {https://doi.org/10.1002/cpe.7531}
}

@article{Alon2018Code,
  author    = {Uri Alon and
               Meital Zilberstein and
               Omer Levy and
               Eran Yahav},
  title     = {code2vec: Learning Distributed Representations of Code},
  journal   = {CoRR},
  volume    = {abs/1803.09473},
  year      = {2018},
  url       = {http://arxiv.org/abs/1803.09473},
  eprinttype = {arXiv},
  eprint    = {1803.09473},
  timestamp = {Sat, 23 Jan 2021 01:13:47 +0100}
}

@article{Kurbatova2020Recommendation,
  title={Recommendation of Move Method Refactoring Using Path-Based Representation of Code},
  author={Zarina Kurbatova and Ivan Veselov and Yaroslav Golubev and Timofey Bryksin},
  journal={Proceedings of the IEEE/ACM 42nd International Conference on Software Engineering Workshops},
  year={2020}
}

@INPROCEEDINGS{Zhai2018Autoencoder,
  author={Zhai, Junhai and Zhang, Sufang and Chen, Junfen and He, Qiang},
  booktitle={2018 IEEE International Conference on Systems, Man, and Cybernetics (SMC)}, 
  title={Autoencoder and Its Various Variants}, 
  year={2018},
  volume={},
  number={},
  pages={415-419},
  doi={10.1109/SMC.2018.00080}}

@article{Kramer1991Nonlinear,
author = {Kramer, Mark A.},
title = {Nonlinear principal component analysis using autoassociative neural networks},
journal = {AIChE Journal},
volume = {37},
number = {2},
pages = {233-243},
year = {1991}
}

@article{trautsch2023really,
  title={What really changes when developers intend to improve their source code: a commit-level study of static metric value and static analysis warning changes},
  author={Trautsch, Alexander and Erbel, Johannes and Herbold, Steffen and Grabowski, Jens},
  journal={Empirical Software Engineering},
  volume={28},
  number={2},
  pages={30},
  year={2023},
  publisher={Springer}
}

@inproceedings{Dabic2021Sampling,
  author    = {Ozren Dabic and Emad Aghajani and Gabriele Bavota},
  title     = {Sampling Projects in GitHub for {MSR} Studies},
  booktitle = {18th {IEEE/ACM} International Conference on Mining Software Repositories,
               {MSR} 2021},
  pages     = {560--564},
  publisher = {{IEEE}},
  year      = {2021}
}

@inproceedings{Tsantalis2018Accurate,
author = {Tsantalis, Nikolaos and Mansouri, Matin and Eshkevari, Laleh M. and Mazinanian, Davood and Dig, Danny},
title = {Accurate and Efficient Refactoring Detection in Commit History},
booktitle = {Proceedings of the 40th International Conference on Software Engineering},

year = {2018},
isbn = {978-1-4503-5638-1},
pages = {483--494},
numpages = {12},
doi = {10.1145/3180155.3180206},
acmid = {3180206},
publisher = {ACM},
keywords = {Git, Oracle, abstract syntax tree, accuracy, commit, refactoring},
}

@inproceedings{Tsantalis:ICSE:2018:RefactoringMiner,
author = {Tsantalis, Nikolaos and Mansouri, Matin and Eshkevari, Laleh M. and Mazinanian, Davood and Dig, Danny},
title = {Accurate and Efficient Refactoring Detection in Commit History},
booktitle = {Proceedings of the 40th International Conference on Software Engineering},

year = {2018},
isbn = {978-1-4503-5638-1},
pages = {483--494},
numpages = {12},
doi = {10.1145/3180155.3180206},
acmid = {3180206},
publisher = {ACM},
keywords = {Git, Oracle, abstract syntax tree, accuracy, commit, refactoring},
}

@article{Tsantalis:TSE:2020:RefactoringMiner2.0,
author={Tsantalis, Nikolaos and Ketkar, Ameya and Dig, Danny},
title={RefactoringMiner 2.0},
journal={IEEE Transactions on Software Engineering},
year={2022},
volume={48},
number={3},
pages={930-950},
doi={10.1109/TSE.2020.3007722}
}

@Article{Sharma2018,
  author  = {Tushar Sharma and Diomidis Spinellis},
  title   = {A survey on software smells},
  journal = {Journal of Systems and Software},
  year    = {2018},
  volume  = {138},
  pages   = {158 - 173},
  issn    = {0164-1212},
  doi     = {https://doi.org/10.1016/j.jss.2017.12.034},
}

@inproceedings{Spadini2018,
  author = {Spadini, Davide and Aniche, Maur\'{i}cio and Bacchelli, Alberto},
  booktitle = {Proceedings of the 2018 26th ACM Joint Meeting on European Software Engineering Conference and Symposium on the Foundations of Software Engineering - ESEC/FSE 2018},
  doi = {10.1145/3236024.3264598},
  isbn = {9781450355735},
  keywords = {2018,acm reference format,and alberto bacchelli,davide spadini,git,gitpython,maur\'{i}cio aniche,mining software repositories,pydriller,python},
  pages = {908--911},
  publisher = {ACM Press},
  title = {{PyDriller: Python framework for mining software repositories}},
  year = {2018}
}

@article{Yamanaka2021RecommendingEM,
  title={Recommending Extract Method Refactoring Based on Confidence of Predicted Method Name},
  author={Jinto Yamanaka and Yasuhiro Hayase and Toshiyuki Amagasa},
  journal={ArXiv},
  year={2021},
  volume={abs/2108.11011}
}
@inproceedings{qi-etal-2018-pre,
    title = "When and Why Are Pre-Trained Word Embeddings Useful for Neural Machine Translation?",
    author = "Qi, Ye  and
      Sachan, Devendra  and
      Felix, Matthieu  and
      Padmanabhan, Sarguna  and
      Neubig, Graham",
    booktitle = "Proceedings of the 2018 Conference of the North {A}merican Chapter of the Association for Computational Linguistics: Human Language Technologies, Volume 2 (Short Papers)",
    month = jun,
    year = "2018",
    publisher = "Association for Computational Linguistics",
    doi = "10.18653/v1/N18-2084",
    pages = "529--535",
    abstract = "The performance of Neural Machine Translation (NMT) systems often suffers in low-resource scenarios where sufficiently large-scale parallel corpora cannot be obtained. Pre-trained word embeddings have proven to be invaluable for improving performance in natural language analysis tasks, which often suffer from paucity of data. However, their utility for NMT has not been extensively explored. In this work, we perform five sets of experiments that analyze when we can expect pre-trained word embeddings to help in NMT tasks. We show that such embeddings can be surprisingly effective in some cases {--} providing gains of up to 20 BLEU points in the most favorable setting.",
}

@article{Alon2019Code2vec,
 author = {Alon, Uri and Zilberstein, Meital and Levy, Omer and Yahav, Eran},
 title = {Code2Vec: Learning Distributed Representations of Code},
 journal = {Proc. ACM Program. Lang.},
 issue_date = {January 2019},
 volume = {3},
 number = {POPL},
 month = jan,
 year = {2019},
 issn = {2475-1421},
 pages = {40:1--40:29},
 articleno = {40},
 numpages = {29},
 doi = {10.1145/3290353},
 acmid = {3290353},
 publisher = {ACM},
 keywords = {Big Code, Distributed Representations, Machine Learning},
}

@book{spinellis2021proceedings,
  title={Proceedings of the 29th ACM Joint Meeting on European Software Engineering Conference and Symposium on the Foundations of Software Engineering},
  author={Spinellis, Diomidis},
  year={2021},
  publisher={Association for Computing Machinery}
}

@article{alsina2011secrypt,
  title={SECRYPT 2011},
  author={Alsina, Sebastian Martorell and de Vera, Camino},
  journal={Engineering and Construction},
  volume={26},
  pages={28},
  year={2011}
}

@article{liu2018hierarchical,
  title={Hierarchical representations for efficient architecture search arXiv preprint arXiv: 171100436},
  author={Liu, H and Simonyan, K and Vinyals, O and Fernando, C and Kavukcuoglu, K},
  year={2018}
}

@article{zabalza2016novel,
  title={Novel segmented stacked autoencoder for effective dimensionality reduction and feature extraction in hyperspectral imaging},
  author={Zabalza, Jaime and Ren, Jinchang and Zheng, Jiangbin and Zhao, Huimin and Qing, Chunmei and Yang, Zhijing and Du, Peijun and Marshall, Stephen},
  journal={Neurocomputing},
  volume={185},
  pages={1--10},
  year={2016},
  publisher={Elsevier}
}

@article{velliangiri2019review,
  title={A review of dimensionality reduction techniques for efficient computation},
  author={Velliangiri, S and Alagumuthukrishnan, SJPCS and others},
  journal={Procedia Computer Science},
  volume={165},
  pages={104--111},
  year={2019},
  publisher={Elsevier}
}

@article{gupta2016squeezing,
  title={Squeezing bottlenecks: exploring the limits of autoencoder semantic representation capabilities},
  author={Gupta, Parth and Banchs, Rafael E and Rosso, Paolo},
  journal={Neurocomputing},
  volume={175},
  pages={1001--1008},
  year={2016},
  publisher={Elsevier}
}

@inproceedings{yousefi2017autoencoder,
  title={Autoencoder-based feature learning for cyber security applications},
  author={Yousefi-Azar, Mahmood and Varadharajan, Vijay and Hamey, Len and Tupakula, Uday},
  booktitle={2017 International joint conference on neural networks (IJCNN)},
  pages={3854--3861},
  year={2017},
  
}

@inproceedings{amiriparian2017sequence,
  title={Sequence to sequence autoencoders for unsupervised representation learning from audio},
  author={Amiriparian, Shahin and Freitag, Michael and Cummins, Nicholas and Schuller, Bj{\"o}rn},
  booktitle={DCASE},
  pages={17--21},
  year={2017}
}


@INPROCEEDINGS{Immaculate2019,
  author={Delphine Immaculate, S. and Farida Begam, M. and Floramary, M.},
  booktitle={2019 International Conference on Data Science and Communication (IconDSC)}, 
  title={Software Bug Prediction Using Supervised Machine Learning Algorithms}, 
  year={2019},
  volume={},
  number={},
  pages={1-7},
  doi={10.1109/IconDSC.2019.8816965}}

@article{Sharma2021,
    author = "Sharma, Tushar and Efstathiou, Vasiliki and Louridas, Panos and Spinellis, Diomidis",
    title = "Code smell detection by deep direct-learning and transfer-learning",
    journal = "Journal of Systems and Software",
    volume = "176",
    pages = "110936",
    year = "2021",
    issn = "0164-1212",    
    keywords = "Code smells, Smell detection tools, Deep learning, Transfer-learning"
}

@INPROCEEDINGS{DiNucci2018,
    author = "{Di Nucci}, D. and {Palomba}, F. and {Tamburri}, D. A. and {Serebrenik}, A. and {De Lucia}, A.",
    booktitle = "2018 IEEE 25th International Conference on Software Analysis, Evolution and Reengineering (SANER)",
    title = "Detecting code smells using machine learning techniques: Are we there yet?",
    year = "2018",
    volume = "",
    number = "",
    pages = "612-621",
    doi = "10.1109/SANER.2018.8330266"
}

@article{Liou2014Autoencoder,
  title={Autoencoder for words},
  author={Liou, Cheng-Yuan and Cheng, Wei-Chen and Liou, Jiun-Wei and Liou, Daw-Ran},
  journal={Neurocomputing},
  volume={139},
  pages={84--96},
  year={2014},
  publisher={Elsevier}
}

@software{ExtractMethodIdentificationRepo,
author = {Palit, Indranil and Shetty, Gautam and Arif, Hera and Sharma, Tushar},
license = {Apache-2.0},
title = {{Extract method identification}},
url = {https://github.com/SMART-Dal/extract-method-identification}
}

@dataset{indranil_palit_2023_8122619,
  author       = {Indranil Pali{t} and
                  Gautam Shetty and
                  Hera Arif and
                  Tushar Sharma},
  title        = {{Dataset for Automatic Refactoring Candidate 
                   Identification Leveraging Effective Code
                   Representation}},
  month        = jul,
  year         = 2023,
  publisher    = {Zenodo},
  version      = {v1},
  doi          = {10.5281/zenodo.8122619},
  url          = {https://doi.org/10.5281/zenodo.8122619}
}

@article{Al2015Identifying,
  title={Identifying refactoring opportunities in object-oriented code: A systematic literature review},
  author={Al Dallal, Jehad},
  journal={Information and software Technology},
  volume={58},
  pages={231--249},
  year={2015},
  publisher={Elsevier}
}

@inproceedings{Du2004Refactoring,
  title={Refactoring-improving coupling and cohesion of existing code},
  author={Du Bois, Bart and Demeyer, Serge and Verelst, Jan},
  booktitle={11th working conference on reverse engineering},
  pages={144--151},
  year={2004},
  
}

@inproceedings{Kataoka2001Automated,
  title={Automated support for program refactoring using invariants},
  author={Kataoka, Yoshio and Ernst, Michael D and Griswold, William G and Notkin, David},
  booktitle={Proceedings IEEE International Conference on Software Maintenance. ICSM 2001},
  pages={736--743},
  year={2001},
}

@article{Czibula2008Hierarchical,
  title={Hierarchical clustering based automatic refactorings detection},
  author={Czibula, ISTVAN GERGELY and Czibula, G},
  journal={WSEAS Transactions on Electronics},
  volume={5},
  number={7},
  pages={291--302},
  year={2008}
}

@inproceedings{Serban2007Restructuring,
  title={Restructuring software systems using clustering},
  author={Serban, Gabriela and Czibula, Istvan-Gergely},
  booktitle={2007 22nd international symposium on computer and information sciences},
  pages={1--6},
  year={2007},
  
}

@article{Czibula2006Improving,
  title={Improving systems design using a clustering approach},
  author={Czibula, Istvan G and Serban, Gabriela},
  journal={International Journal of Computer Science and Network Security (IJCSNS)},
  volume={6},
  number={12},
  pages={40--49},
  year={2006},
  publisher={Citeseer}
}

@inproceedings{Tsantalis2009Identification,
  title={Identification of extract method refactoring opportunities},
  author={Tsantalis, Nikolaos and Chatzigeorgiou, Alexander},
  booktitle={2009 13th European Conference on Software Maintenance and Reengineering},
  pages={119--128},
  year={2009},
  
}

@article{Tsantalis2011Identification,
  title={Identification of extract method refactoring opportunities for the decomposition of methods},
  author={Tsantalis, Nikolaos and Chatzigeorgiou, Alexander},
  journal={Journal of Systems and Software},
  volume={84},
  number={10},
  pages={1757--1782},
  year={2011},
  publisher={Elsevier}
}

@inproceedings{Meananeatra2011Using,
  title={Using software metrics to select refactoring for long method bad smell},
  author={Meananeatra, Panita and Rongviriyapanish, Songsakdi and Apiwattanapong, Taweesup},
  booktitle={The 8th Electrical Engineering/Electronics, Computer, Telecommunications and Information Technology (ECTI) Association of Thailand-Conference 2011},
  pages={492--495},
  year={2011},
  
}

@inproceedings{Silva2014Recommending,
  title={Recommending automated extract method refactorings},
  author={Silva, Danilo and Terra, Ricardo and Valente, Marco Tulio},
  booktitle={Proceedings of the 22nd International Conference on Program Comprehension},
  pages={146--156},
  year={2014}
}

@article{Bavota2011Identifying,
  title={Identifying extract class refactoring opportunities using structural and semantic cohesion measures},
  author={Bavota, Gabriele and De Lucia, Andrea and Oliveto, Rocco},
  journal={Journal of Systems and Software},
  volume={84},
  number={3},
  pages={397--414},
  year={2011},
  publisher={Elsevier}
}

@article{fukushima1975cognitron,
  title={Cognitron: A self-organizing multilayered neural network},
  author={Fukushima, Kunihiko},
  journal={Biological cybernetics},
  volume={20},
  number={3-4},
  pages={121--136},
  year={1975},
  publisher={Springer}
}

@article{loshchilov2017decoupled,
  title={Decoupled weight decay regularization},
  author={Loshchilov, Ilya and Hutter, Frank},
  journal={arXiv preprint arXiv:1711.05101},
  year={2017}
}

@article{van2008visualizing,
  title={Visualizing data using t-SNE.},
  author={Van der Maaten, Laurens and Hinton, Geoffrey},
  journal={Journal of machine learning research},
  volume={9},
  number={11},
  year={2008}
}


% Journals

% First the Full Name is given, then the abbreviation used in the AMS Math
% Reviews, with an indication if it could not be found there.
% Note the 2nd overwrites the 1st, so swap them if you want the full name.

 %{AMS}
 @String{AMSTrans = "American Mathematical Society Translations" }
 @String{AMSTrans = "Amer. Math. Soc. Transl." }
 @String{BullAMS = "Bulletin of the American Mathematical Society" }
 @String{BullAMS = "Bull. Amer. Math. Soc." }
 @String{ProcAMS = "Proceedings of the American Mathematical Society" }
 @String{ProcAMS = "Proc. Amer. Math. Soc." }
 @String{TransAMS = "Transactions of the American Mathematical Society" }
 @String{TransAMS = "Trans. Amer. Math. Soc." }

 %ACM
 @String{CACM = "Communications of the {ACM}" }
 @String{CACM = "Commun. {ACM}" }
 @String{CompServ = "Comput. Surveys" }
 @String{JACM = "J. ACM" }
 @String{ACMMathSoft = "{ACM} Transactions on Mathematical Software" }
 @String{ACMMathSoft = "{ACM} Trans. Math. Software" }
 @String{SIGNUM = "{ACM} {SIGNUM} Newsletter" }
 @String{SIGNUM = "{ACM} {SIGNUM} Newslett." }

 @String{AmerSocio = "American Journal of Sociology" }
 @String{AmerStatAssoc = "Journal of the American Statistical Association" }
 @String{AmerStatAssoc = "J. Amer. Statist. Assoc." }
 @String{ApplMathComp = "Applied Mathematics and Computation" }
 @String{ApplMathComp = "Appl. Math. Comput." }
 @String{AmerMathMonthly = "American Mathematical Monthly" }
 @String{AmerMathMonthly = "Amer. Math. Monthly" }
 @String{BIT = "{BIT}" }
 @String{BritStatPsych = "British Journal of Mathematical and Statistical
          Psychology" }
 @String{BritStatPsych = "Brit. J. Math. Statist. Psych." }
 @String{CanMathBull = "Canadian Mathematical Bulletin" }
 @String{CanMathBull = "Canad. Math. Bull." }
 @String{CompApplMath = "Journal of Computational and Applied Mathematics" }
 @String{CompApplMath = "J. Comput. Appl. Math." }
 @String{CompPhys = "Journal of Computational Physics" }
 @String{CompPhys = "J. Comput. Phys." }
 @String{CompStruct = "Computers and Structures" }
 @String{CompStruct = "Comput. \& Structures" }
 @String{CompJour = "The Computer Journal" }
 @String{CompJour = "Comput. J." }
 @String{CompSysSci = "Journal of Computer and System Sciences" }
 @String{CompSysSci = "J. Comput. System Sci." }
 @String{Computing = "Computing" }
 @String{ContempMath = "Contemporary Mathematics" }
 @String{ContempMath = "Contemp. Math." }
 @String{Crelle = "Crelle's Journal" }
 @String{GiornaleMath = "Giornale di Mathematiche" }
 @String{GiornaleMath = "Giorn. Mat." } % didn't find in AMS MR., ibid.

 %IEEE
 @String{Computer = "{IEEE} Computer" }
 @String{IEEETransComp = "{IEEE} Transactions on Computers" }
 @String{IEEETransComp = "{IEEE} Trans. Comput." }
 @String{IEEETransAC = "{IEEE} Transactions on Automatic Control" }
 @String{IEEETransAC = "{IEEE} Trans. Automat. Control" }
 @String{IEEESpec = "{IEEE} Spectrum" } % didn't find in AMS MR
 @String{ProcIEEE = "Proceedings of the {IEEE}" }
 @String{ProcIEEE = "Proc. {IEEE}" } % didn't find in AMS MR
 @String{IEEETransAeroElec = "{IEEE} Transactions on Aerospace and Electronic
     Systems" }
 @String{IEEETransAeroElec = "{IEEE} Trans. Aerospace Electron. Systems" }

 @String{IMANumerAna = "{IMA} Journal of Numerical Analysis" }
 @String{IMANumerAna = "{IMA} J. Numer. Anal." }
 @String{InfProcLet = "Information Processing Letters" }
 @String{InfProcLet = "Inform. Process. Lett." }
 @String{InstMathApp = "Journal of the Institute of Mathematics and
     its Applications" }
 @String{InstMathApp = "J. Inst. Math. Appl." }
 @String{IntControl = "International Journal of Control" }
 @String{IntControl = "Internat. J. Control" }
 @String{IntNumerEng = "International Journal for Numerical Methods in
     Engineering" }
 @String{IntNumerEng = "Internat. J. Numer. Methods Engrg." }
 @String{IntSuper = "International Journal of Supercomputing Applications" }
 @String{IntSuper = "Internat. J. Supercomputing Applic." } % didn't find
%% in AMS MR
 @String{Kibernetika = "Kibernetika" }
 @String{JResNatBurStand = "Journal of Research of the National Bureau
     of Standards" }
 @String{JResNatBurStand = "J. Res. Nat. Bur. Standards" }
 @String{LinAlgApp = "Linear Algebra and its Applications" }
 @String{LinAlgApp = "Linear Algebra Appl." }
 @String{MathAnaAppl = "Journal of Mathematical Analysis and Applications" }
 @String{MathAnaAppl = "J. Math. Anal. Appl." }
 @String{MathAnnalen = "Mathematische Annalen" }
 @String{MathAnnalen = "Math. Ann." }
 @String{MathPhys = "Journal of Mathematical Physics" }
 @String{MathPhys = "J. Math. Phys." }
 @String{MathComp = "Mathematics of Computation" }
 @String{MathComp = "Math. Comp." }
 @String{MathScand = "Mathematica Scandinavica" }
 @String{MathScand = "Math. Scand." }
 @String{TablesAidsComp = "Mathematical Tables and Other Aids to Computation" }
 @String{TablesAidsComp = "Math. Tables Aids Comput." }
 @String{NumerMath = "Numerische Mathematik" }
 @String{NumerMath = "Numer. Math." }
 @String{PacificMath = "Pacific Journal of Mathematics" }
 @String{PacificMath = "Pacific J. Math." }
 @String{ParDistComp = "Journal of Parallel and Distributed Computing" }
 @String{ParDistComp = "J. Parallel and Distrib. Comput." } % didn't find
%% in AMS MR
 @String{ParComputing = "Parallel Computing" }
 @String{ParComputing = "Parallel Comput." }
 @String{PhilMag = "Philosophical Magazine" }
 @String{PhilMag = "Philos. Mag." }
 @String{ProcNAS = "Proceedings of the National Academy of Sciences
                    of the USA" }
 @String{ProcNAS = "Proc. Nat. Acad. Sci. U. S. A." }
 @String{Psychometrika = "Psychometrika" }
 @String{QuartMath = "Quarterly Journal of Mathematics, Oxford, Series (2)" }
 @String{QuartMath = "Quart. J. Math. Oxford Ser. (2)" }
 @String{QuartApplMath = "Quarterly of Applied Mathematics" }
 @String{QuartApplMath = "Quart. Appl. Math." }
 @String{RevueInstStat = "Review of the International Statisical Institute" }
 @String{RevueInstStat = "Rev. Inst. Internat. Statist." }

 %SIAM
 @String{JSIAM = "Journal of the Society for Industrial and Applied
     Mathematics" }
 @String{JSIAM = "J. Soc. Indust. Appl. Math." }
 @String{JSIAMB = "Journal of the Society for Industrial and Applied
     Mathematics, Series B, Numerical Analysis" }
 @String{JSIAMB = "J. Soc. Indust. Appl. Math. Ser. B Numer. Anal." }
 @String{SIAMAlgMeth = "{SIAM} Journal on Algebraic and Discrete Methods" }
 @String{SIAMAlgMeth = "{SIAM} J. Algebraic Discrete Methods" }
 @String{SIAMAppMath = "{SIAM} Journal on Applied Mathematics" }
 @String{SIAMAppMath = "{SIAM} J. Appl. Math." }
 @String{SIAMComp = "{SIAM} Journal on Computing" }
 @String{SIAMComp = "{SIAM} J. Comput." }
 @String{SIAMMatrix = "{SIAM} Journal on Matrix Analysis and Applications" }
 @String{SIAMMatrix = "{SIAM} J. Matrix Anal. Appl." }
 @String{SIAMNumAnal = "{SIAM} Journal on Numerical Analysis" }
 @String{SIAMNumAnal = "{SIAM} J. Numer. Anal." }
 @String{SIAMReview = "{SIAM} Review" }
 @String{SIAMReview = "{SIAM} Rev." }
 @String{SIAMSciStat = "{SIAM} Journal on Scientific and Statistical
     Computing" }
 @String{SIAMSciStat = "{SIAM} J. Sci. Statist. Comput." }

 @String{SoftPracExp = "Software Practice and Experience" }
 @String{SoftPracExp = "Software Prac. Experience" } % didn't find in AMS MR
 @String{StatScience = "Statistical Science" }
 @String{StatScience = "Statist. Sci." }
 @String{Techno = "Technometrics" }
 @String{USSRCompMathPhys = "{USSR} Computational Mathematics and Mathematical
     Physics" }
 @String{USSRCompMathPhys = "{U. S. S. R.} Comput. Math. and Math. Phys." }
 @String{VLSICompSys = "Journal of {VLSI} and Computer Systems" }
 @String{VLSICompSys = "J. {VLSI} Comput. Syst." }
 @String{ZAngewMathMech = "Zeitschrift fur Angewandte Mathematik und
     Mechanik" }
 @String{ZAngewMathMech = "Z. Angew. Math. Mech." }
 @String{ZAngewMathPhys = "Zeitschrift fur Angewandte Mathematik und Physik" }
 @String{ZAngewMathPhys = "Z. Angew. Math. Phys." }

% Publishers % ================================================= |

 @String{Academic = "Academic Press" }
 @String{ACMPress = "{ACM} Press" }
 @String{AdamHilger = "Adam Hilger" }
 @String{AddisonWesley = "Addison-Wesley" }
 @String{AllynBacon = "Allyn and Bacon" }
 @String{AMS = "American Mathematical Society" }
 @String{Birkhauser = "Birkha{\"u}ser" }
 @String{CambridgePress = "Cambridge University Press" }
 @String{Chelsea = "Chelsea" }
 @String{ClaredonPress = "Claredon Press" }
 @String{DoverPub = "Dover Publications" }
 @String{Eyolles = "Eyolles" }
 @String{HoltRinehartWinston = "Holt, Rinehart and Winston" }
 @String{Interscience = "Interscience" }
 @String{JohnsHopkinsPress = "The Johns Hopkins University Press" }
 @String{JohnWileySons = "John Wiley and Sons" }
 @String{Macmillan = "Macmillan" }
 @String{MathWorks = "The Math Works Inc." }
 @String{McGrawHill = "McGraw-Hill" }
 @String{NatBurStd = "National Bureau of Standards" }
 @String{NorthHolland = "North-Holland" }
 @String{OxfordPress = "Oxford University Press" }  %address Oxford or London?
 @String{PergamonPress = "Pergamon Press" }
 @String{PlenumPress = "Plenum Press" }
 @String{PrenticeHall = "Prentice-Hall" }
 @String{SIAMPub = "{SIAM} Publications" }
 @String{Springer = "Springer-Verlag" }
 @String{TexasPress = "University of Texas Press" }
 @String{VanNostrand = "Van Nostrand" }
 @String{WHFreeman = "W. H. Freeman and Co." }

%Entries

@inproceedings{moser2007case,
  title={A case study on the impact of refactoring on quality and productivity in an agile team},
  author={Moser, Raimund and Abrahamsson, Pekka and Pedrycz, Witold and Sillitti, Alberto and Succi, Giancarlo},
  booktitle={IFIP Central and East European Conference on Software Engineering Techniques},
  pages={252--266},
  year={2007},
  organization={Springer}
}

@book{suryanarayana2014refactoring,
  title={Refactoring for software design smells: managing technical debt},
  author={Suryanarayana, Girish and Samarthyam, Ganesh and Sharma, Tushar},
  year={2014},
  publisher={Morgan Kaufmann}
}


@article{singh2018systematic,
  title={A systematic literature review: Refactoring for disclosing code smells in object oriented software},
  author={Singh, Satwinder and Kaur, Sharanpreet},
  journal={Ain Shams Engineering Journal},
  volume={9},
  number={4},
  pages={2129--2151},
  year={2018},
  publisher={Elsevier}
}

@inproceedings{Zarras2015,
author = {Zarras, Apostolos V. and Vartziotis, Theofanis and Vassiliadis, Panos},
title = {Navigating through the archipelago of refactorings},
year = {2015},
isbn = {9781450336758},
publisher = {Association for Computing Machinery},
address = {New York, NY, USA},
url = {https://doi.org/10.1145/2786805.2803203},
doi = {10.1145/2786805.2803203},
abstract = {The essence of refactoring is to improve software quality via the systematic combination of primitive refactorings. Yet, there are way too many refactorings. Choosing which refactorings to use, how to combine them and how to integrate them in more complex evolution tasks is really hard. Our vision is to provide the developer with a "trip advisor" for the archipelago of refactorings. The core idea of our approach is the map of the archipelago of refactorings, which identies the basic relations that guide the systematic and eective combination of refactorings. Based on the map, the trip advisor makes suggestions that allow the developer to decide how to start, assess the possible alternatives, have a clear picture of what has to be done before, during and after the refactorings and assess the possible implications.},
booktitle = {Proceedings of the 2015 10th Joint Meeting on Foundations of Software Engineering},
pages = {922–925},
numpages = {4},
keywords = {Refactoring composition, Refactoring map, Refactoring recommendation},
location = {Bergamo, Italy},
series = {ESEC/FSE 2015}
}

@misc{JDeodrant,
    title = {JDeodrant},
    url = {https://github.com/tsantalis/JDeodorant},
    author = {Nikolaos Tsantalis}
}

@inproceedings{silva2016we,
  title={Why we refactor? confessions of github contributors},
  author={Silva, Danilo and Tsantalis, Nikolaos and Valente, Marco Tulio},
  booktitle={Proceedings of the 2016 24th acm sigsoft international symposium on foundations of software engineering},
  pages={858--870},
  year={2016}
}

@inproceedings{van2021data,
  title={Data-driven extract method recommendations: a study at ING},
  author={van der Leij, David and Binda, Jasper and van Dalen, Robbert and Vallen, Pieter and Luo, Yaping and Aniche, Maur{\'\i}cio},
  booktitle={Proceedings of the 29th ACM Joint Meeting on European Software Engineering Conference and Symposium on the Foundations of Software Engineering},
  pages={1337--1347},
  year={2021}
}


@incollection{kramer2010legacy,
  title={Legacy system modernization of the engineering operational sequencing system (eoss)},
  author={Kramer, Mark and Newcomb, Philip H},
  booktitle={Information Systems Transformation},
  pages={249--281},
  year={2010},
  publisher={Elsevier}
}

@article{shahidi2022automated,
  title={An automated extract method refactoring approach to correct the long method code smell},
  author={Shahidi, Mahnoosh and Ashtiani, Mehrdad and Zakeri-Nasrabadi, Morteza},
  journal={Journal of Systems and Software},
  volume={187},
  pages={111221},
  year={2022},
  publisher={Elsevier}
}

@mastersthesis{hubert2019implementation,
  title={Implementation of an automatic extract method refactoring},
  author={Hubert, Johannes},
  year={2019},
  school={}
}

@inproceedings{maruyama2001automated,
  title={Automated method-extraction refactoring by using block-based slicing},
  author={Maruyama, Katsuhisa},
  booktitle={Proceedings of the 2001 symposium on Software reusability: putting software reuse in context},
  pages={31--40},
  year={2001}
}

@inproceedings{Pomian2024, series={FSE ’24},
   title={EM-Assist: Safe Automated ExtractMethod Refactoring with LLMs},
   url={http://dx.doi.org/10.1145/3663529.3663803},
   DOI={10.1145/3663529.3663803},
   booktitle={Companion Proceedings of the 32nd ACM International Conference on the Foundations of Software Engineering},
   publisher={ACM},
   author={Pomian, Dorin and Bellur, Abhiram and Dilhara, Malinda and Kurbatova, Zarina and Bogomolov, Egor and Sokolov, Andrey and Bryksin, Timofey and Dig, Danny},
   year={2024},
   month=jul, collection={FSE ’24} }


@article{zhong2017seq2sql,
  title={Seq2sql: Generating structured queries from natural language using reinforcement learning},
  author={Zhong, Victor and Xiong, Caiming and Socher, Richard},
  journal={arXiv preprint arXiv:1709.00103},
  year={2017}
}

@article{wang2022compilable,
  title={Compilable neural code generation with compiler feedback},
  author={Wang, Xin and Wang, Yasheng and Wan, Yao and Mi, Fei and Li, Yitong and Zhou, Pingyi and Liu, Jin and Wu, Hao and Jiang, Xin and Liu, Qun},
  journal={arXiv preprint arXiv:2203.05132},
  year={2022}
}

@article{le2022coderl,
  title={Coderl: Mastering code generation through pretrained models and deep reinforcement learning},
  author={Le, Hung and Wang, Yue and Gotmare, Akhilesh Deepak and Savarese, Silvio and Hoi, Steven Chu Hong},
  journal={Advances in Neural Information Processing Systems},
  volume={35},
  pages={21314--21328},
  year={2022}
}

@article{shojaee2023execution,
  title={Execution-based code generation using deep reinforcement learning},
  author={Shojaee, Parshin and Jain, Aneesh and Tipirneni, Sindhu and Reddy, Chandan K},
  journal={arXiv preprint arXiv:2301.13816},
  year={2023}
}

@article{li2024ircoco,
  title={IRCoCo: Immediate Rewards-Guided Deep Reinforcement Learning for Code Completion},
  author={Li, Bolun and Sun, Zhihong and Huang, Tao and Zhang, Hongyu and Wan, Yao and Li, Ge and Jin, Zhi and Lyu, Chen},
  journal={Proceedings of the ACM on Software Engineering},
  volume={1},
  number={FSE},
  pages={182--203},
  year={2024},
  publisher={ACM New York, NY, USA}
}

@article{chen2021evaluating,
  title={Evaluating large language models trained on code},
  author={Chen, Mark and Tworek, Jerry and Jun, Heewoo and Yuan, Qiming and Pinto, Henrique Ponde De Oliveira and Kaplan, Jared and Edwards, Harri and Burda, Yuri and Joseph, Nicholas and Brockman, Greg and others},
  journal={arXiv preprint arXiv:2107.03374},
  year={2021}
}

@article{li2022competition,
  title={Competition-level code generation with alphacode},
  author={Li, Yujia and Choi, David and Chung, Junyoung and Kushman, Nate and Schrittwieser, Julian and Leblond, R{\'e}mi and Eccles, Tom and Keeling, James and Gimeno, Felix and Dal Lago, Agustin and others},
  journal={Science},
  volume={378},
  number={6624},
  pages={1092--1097},
  year={2022},
  publisher={American Association for the Advancement of Science}
}

@inproceedings{jha2023codeattack,
  title={Codeattack: Code-based adversarial attacks for pre-trained programming language models},
  author={Jha, Akshita and Reddy, Chandan K},
  booktitle={Proceedings of the AAAI Conference on Artificial Intelligence},
  volume={37},
  number={12},
  pages={14892--14900},
  year={2023}
}

@inproceedings{seart2021data,
  author    = {Ozren Dabic and Emad Aghajani and Gabriele Bavota},
  title     = {Sampling Projects in GitHub for {MSR} Studies},
  booktitle = {18th {IEEE/ACM} International Conference on Mining Software Repositories,
               {MSR} 2021},
  pages     = {560--564},
  publisher = {{IEEE}},
  year      = {2021}
}

@article{bavota2014automating,
  title={Automating extract class refactoring: an improved method and its evaluation},
  author={Bavota, Gabriele and De Lucia, Andrea and Marcus, Andrian and Oliveto, Rocco},
  journal={Empirical Software Engineering},
  volume={19},
  pages={1617--1664},
  year={2014},
  publisher={Springer}
}

@article{baqais2020automatic,
  title={Automatic software refactoring: a systematic literature review},
  author={Baqais, Abdulrahman Ahmed Bobakr and Alshayeb, Mohammad},
  journal={Software Quality Journal},
  volume={28},
  number={2},
  pages={459--502},
  year={2020},
  publisher={Springer}
}

@article{murphy2011we,
  title={How we refactor, and how we know it},
  author={Murphy-Hill, Emerson and Parnin, Chris and Black, Andrew P},
  journal={IEEE Transactions on Software Engineering},
  volume={38},
  number={1},
  pages={5--18},
  year={2011},
  publisher={IEEE}
}

@article{tairas2012cedar,
  title={Increasing clone maintenance support by unifying clone detection and refactoring activities},
  author={Tairas, Robert and Gray, Jeff},
  journal={Information and Software Technology},
  volume={54},
  number={12},
  pages={1297--1307},
  year={2012},
  publisher={Elsevier}
}

@inproceedings{mazinanian2016jdeodorant,
  title={JDeodorant: clone refactoring},
  author={Mazinanian, Davood and Tsantalis, Nikolaos and Stein, Raphael and Valenta, Zackary},
  booktitle={Proceedings of the 38th international conference on software engineering companion},
  pages={613--616},
  year={2016}
}

@article{fokaefs2012identification,
  title={Identification and application of extract class refactorings in object-oriented systems},
  author={Fokaefs, Marios and Tsantalis, Nikolaos and Stroulia, Eleni and Chatzigeorgiou, Alexander},
  journal={Journal of Systems and Software},
  volume={85},
  number={10},
  pages={2241--2260},
  year={2012},
  publisher={Elsevier}
}

@inproceedings{zanetti2014automated,
  title={Automated software remodularization based on move refactoring: a complex systems approach},
  author={Zanetti, Marcelo Serrano and Tessone, Claudio Juan and Scholtes, Ingo and Schweitzer, Frank},
  booktitle={Proceedings of the 13th international conference on Modularity},
  pages={73--84},
  year={2014}
}

@book{martin2009clean,
  title={Clean code: a handbook of agile software craftsmanship},
  author={Martin, Robert C},
  year={2009},
  publisher={Pearson Education}
}

@inproceedings{kim2012field,
  title={A field study of refactoring challenges and benefits},
  author={Kim, Miryung and Zimmermann, Thomas and Nagappan, Nachiappan},
  booktitle={Proceedings of the ACM SIGSOFT 20th International Symposium on the Foundations of Software Engineering},
  pages={1--11},
  year={2012}
}


@inproceedings{yang2009identifying,
  title={Identifying fragments to be extracted from long methods},
  author={Yang, Limei and Liu, Hui and Niu, Zhendong},
  booktitle={2009 16th Asia-Pacific Software Engineering Conference},
  pages={43--49},
  year={2009},
  organization={IEEE}
}

@inproceedings{cui2023rems,
  title={REMS: Recommending extract method refactoring opportunities via multi-view representation of code property graph},
  author={Cui, Di and Wang, Qiangqiang and Wang, Siqi and Chi, Jianlei and Li, Jianan and Wang, Lu and Li, Qingshan},
  booktitle={2023 IEEE/ACM 31st International Conference on Program Comprehension (ICPC)},
  pages={191--202},
  year={2023},
  organization={IEEE}
}

@inproceedings{xu2017gems,
  title={Gems: An extract method refactoring recommender},
  author={Xu, Sihan and Sivaraman, Aishwarya and Khoo, Siau-Cheng and Xu, Jing},
  booktitle={2017 ieee 28th international symposium on software reliability engineering (issre)},
  pages={24--34},
  year={2017},
  organization={IEEE}
}

@article{shakya2023reinforcement,
  title={Reinforcement learning algorithms: A brief survey},
  author={Shakya, Ashish Kumar and Pillai, Gopinatha and Chakrabarty, Sohom},
  journal={Expert Systems with Applications},
  volume={231},
  pages={120495},
  year={2023},
  publisher={Elsevier}
}

@book{puterman2014markov,
  title={Markov decision processes: discrete stochastic dynamic programming},
  author={Puterman, Martin L},
  year={2014},
  publisher={John Wiley \& Sons}
}

@article{simonyan2023very,
  title={Very Deep Convolutional Networks for Large-Scale Image Recognition.” arXiv, Apr. 10, 2015. doi: 10.48550},
  author={Simonyan, K and Zisserman, A},
  journal={arXiv preprint arXiv.1409.1556},
  year={2023}
}

@inproceedings{karpathy2014large,
  title={Large-scale video classification with convolutional neural networks},
  author={Karpathy, Andrej and Toderici, George and Shetty, Sanketh and Leung, Thomas and Sukthankar, Rahul and Fei-Fei, Li},
  booktitle={Proceedings of the IEEE conference on Computer Vision and Pattern Recognition},
  pages={1725--1732},
  year={2014}
}

@article{mnih2015human,
  title={Human-level control through deep reinforcement learning},
  author={Mnih, Volodymyr and Kavukcuoglu, Koray and Silver, David and Rusu, Andrei A and Veness, Joel and Bellemare, Marc G and Graves, Alex and Riedmiller, Martin and Fidjeland, Andreas K and Ostrovski, Georg and others},
  journal={nature},
  volume={518},
  number={7540},
  pages={529--533},
  year={2015},
  publisher={Nature Publishing Group UK London}
}

@article{silver2018general,
  title={A general reinforcement learning algorithm that masters chess, shogi, and Go through self-play},
  author={Silver, David and Hubert, Thomas and Schrittwieser, Julian and Antonoglou, Ioannis and Lai, Matthew and Guez, Arthur and Lanctot, Marc and Sifre, Laurent and Kumaran, Dharshan and Graepel, Thore and others},
  journal={Science},
  volume={362},
  number={6419},
  pages={1140--1144},
  year={2018},
  publisher={American Association for the Advancement of Science}
}

@article{schrittwieser2020mastering,
  title={Mastering atari, go, chess and shogi by planning with a learned model},
  author={Schrittwieser, Julian and Antonoglou, Ioannis and Hubert, Thomas and Simonyan, Karen and Sifre, Laurent and Schmitt, Simon and Guez, Arthur and Lockhart, Edward and Hassabis, Demis and Graepel, Thore and others},
  journal={Nature},
  volume={588},
  number={7839},
  pages={604--609},
  year={2020},
  publisher={Nature Publishing Group}
}

@book{williams1992reinforce,
author = {Williams, Ronald J.},
title = {Simple Statistical Gradient-Following Algorithms for Connectionist Reinforcement Learning},
year = {1992},
issue_date = {May 1992},
publisher = {Kluwer Academic Publishers},
issn = {0885-6125},
url = {https://doi.org/10.1007/BF00992696},
doi = {10.1007/BF00992696},
month = {may},
}

@misc{ranzato2016sequenceleveltrainingrecurrent,
      title={Sequence Level Training with Recurrent Neural Networks}, 
      author={Marc'Aurelio Ranzato and Sumit Chopra and Michael Auli and Wojciech Zaremba},
      year={2016},
      eprint={1511.06732},
      archivePrefix={arXiv},
      primaryClass={cs.LG},
      url={https://arxiv.org/abs/1511.06732}, 
}

@misc{bahdanau2017actorcriticalgorithmsequenceprediction,
      title={An Actor-Critic Algorithm for Sequence Prediction}, 
      author={Dzmitry Bahdanau and Philemon Brakel and Kelvin Xu and Anirudh Goyal and Ryan Lowe and Joelle Pineau and Aaron Courville and Yoshua Bengio},
      year={2017},
      eprint={1607.07086},
      archivePrefix={arXiv},
      primaryClass={cs.LG},
      url={https://arxiv.org/abs/1607.07086}, 
}
@misc{ouyang2022traininglanguagemodelsfollow,
      title={Training language models to follow instructions with human feedback}, 
      author={Long Ouyang and Jeff Wu and Xu Jiang and Diogo Almeida and Carroll L. Wainwright and Pamela Mishkin and Chong Zhang and Sandhini Agarwal and Katarina Slama and Alex Ray and John Schulman and Jacob Hilton and Fraser Kelton and Luke Miller and Maddie Simens and Amanda Askell and Peter Welinder and Paul Christiano and Jan Leike and Ryan Lowe},
      year={2022},
      eprint={2203.02155},
      archivePrefix={arXiv},
      primaryClass={cs.CL},
      url={https://arxiv.org/abs/2203.02155}, 
}

@inproceedings{papineni2002bleu,
author = {Papineni, Kishore and Roukos, Salim and Ward, Todd and Zhu, Wei-Jing},
title = {BLEU: a method for automatic evaluation of machine translation},
year = {2002},
publisher = {Association for Computational Linguistics},
address = {USA},
url = {https://doi.org/10.3115/1073083.1073135},
doi = {10.3115/1073083.1073135},
booktitle = {Proceedings of the 40th Annual Meeting on Association for Computational Linguistics},
pages = {311–318},
numpages = {8},
location = {Philadelphia, Pennsylvania},
series = {ACL '02}
}

@inproceedings{lin2004rouge,
  title={Rouge: A package for automatic evaluation of summaries},
  author={Lin, Chin-Yew},
  booktitle={Text summarization branches out},
  pages={74--81},
  year={2004}
}

@misc{ren2020codebleumethodautomaticevaluation,
      title={CodeBLEU: a Method for Automatic Evaluation of Code Synthesis}, 
      author={Shuo Ren and Daya Guo and Shuai Lu and Long Zhou and Shujie Liu and Duyu Tang and Neel Sundaresan and Ming Zhou and Ambrosio Blanco and Shuai Ma},
      year={2020},
      eprint={2009.10297},
      archivePrefix={arXiv},
      primaryClass={cs.SE},
      url={https://arxiv.org/abs/2009.10297}, 
}

@misc{zhu2022xlcostbenchmarkdatasetcrosslingual,
      title={XLCoST: A Benchmark Dataset for Cross-lingual Code Intelligence}, 
      author={Ming Zhu and Aneesh Jain and Karthik Suresh and Roshan Ravindran and Sindhu Tipirneni and Chandan K. Reddy},
      year={2022},
      eprint={2206.08474},
      archivePrefix={arXiv},
      primaryClass={cs.SE},
      url={https://arxiv.org/abs/2206.08474}, 
}


@misc{sutskever2014sequencesequencelearningneural,
      title={Sequence to Sequence Learning with Neural Networks}, 
      author={Ilya Sutskever and Oriol Vinyals and Quoc V. Le},
      year={2014},
      eprint={1409.3215},
      archivePrefix={arXiv},
      primaryClass={cs.CL},
      url={https://arxiv.org/abs/1409.3215}, 
}

@inproceedings{hu2018deepcodecomment,
author = {Hu, Xing and Li, Ge and Xia, Xin and Lo, David and Jin, Zhi},
title = {Deep code comment generation},
year = {2018},
isbn = {9781450357142},
publisher = {Association for Computing Machinery},
address = {New York, NY, USA},
url = {https://doi.org/10.1145/3196321.3196334},
doi = {10.1145/3196321.3196334},
booktitle = {Proceedings of the 26th Conference on Program Comprehension},
}

@inproceedings{post-2018-call,
    title = "A Call for Clarity in Reporting {BLEU} Scores",
    author = "Post, Matt",
    booktitle = "Proceedings of the Third Conference on Machine Translation: Research Papers",
    month = oct,
    year = "2018",
    address = "Brussels, Belgium",
    publisher = "Association for Computational Linguistics",
    url = "https://aclanthology.org/W18-6319",
    doi = "10.18653/v1/W18-6319",
}

@article{tufano2020unit,
  title={Unit test case generation with transformers and focal context},
  author={Tufano, Michele and Drain, Dawn and Svyatkovskiy, Alexey and Deng, Shao Kun and Sundaresan, Neel},
  journal={arXiv preprint arXiv:2009.05617},
  year={2020}
}

@inproceedings{nashid2023retrieval,
  title={Retrieval-based prompt selection for code-related few-shot learning},
  author={Nashid, Noor and Sintaha, Mifta and Mesbah, Ali},
  booktitle={2023 IEEE/ACM 45th International Conference on Software Engineering (ICSE)},
  pages={2450--2462},
  year={2023},
  organization={IEEE}
}

@article{yuan2024chatgpt,
author = {Yuan, Zhiqiang and Liu, Mingwei and Ding, Shiji and Wang, Kaixin and Chen, Yixuan and Peng, Xin and Lou, Yiling},
title = {Evaluating and Improving ChatGPT for Unit Test Generation},
year = {2024},
issue_date = {July 2024},
publisher = {Association for Computing Machinery},
address = {New York, NY, USA},
volume = {1},
number = {FSE},
url = {https://doi.org/10.1145/3660783},
doi = {10.1145/3660783},
keywords = {Large language model, Test generation, Unit testing}
}

@article{schulman2017proximal,
  title={Proximal policy optimization algorithms},
  author={Schulman, John and Wolski, Filip and Dhariwal, Prafulla and Radford, Alec and Klimov, Oleg},
  journal={arXiv preprint arXiv:1707.06347},
  year={2017}
}

@article{huang2023not,
  title={Do not give away my secrets: Uncovering the privacy issue of neural code completion tools},
  author={Huang, Yizhan and Li, Yichen and Wu, Weibin and Zhang, Jianping and Lyu, Michael R},
  journal={arXiv preprint arXiv:2309.07639},
  year={2023}
}

@misc{JaiVijayan_2023, 
title={Samsung engineers feed sensitive data to CHATGPT, sparking workplace AI warnings}, url={https://www.darkreading.com/vulnerabilities-threats/samsung-engineers-sensitive-data-chatgpt-warnings-ai-use-workplace}, 
journal={Samsung Engineers Feed Sensitive Data to ChatGPT, Sparking Workplace AI Warnings}, 
publisher={Dark Reading}, author={Jai Vijayan, Contributing Writer}, 
year={2023}, month={Dec}
}

@article{Sharma2024,
title = {A survey on machine learning techniques applied to source code},
journal = {Journal of Systems and Software},
volume = {209},
pages = {111934},
year = {2024},
issn = {0164-1212},
doi = {https://doi.org/10.1016/j.jss.2023.111934},
url = {https://www.sciencedirect.com/science/article/pii/S0164121223003291},
author = {Tushar Sharma and Maria Kechagia and Stefanos Georgiou and Rohit Tiwari and Indira Vats and Hadi Moazen and Federica Sarro},
}

@article{ieee1990standard,
  title={Standard G lossary of softwareengineering terminology},
  author={Eee, I},
  journal={IEEE S o f t w are E n g ineerin g S tandards \& oll ecti o n. I EEE},
  pages={610--12},
  year={1990}
}

@inproceedings{chawla2015sqmma,
  title={Sqmma: Software quality model for maintainability analysis},
  author={Chawla, Mandeep K and Chhabra, Indu},
  booktitle={Proceedings of the 8th Annual ACM India Conference},
  pages={9--17},
  year={2015}
}

@misc{wang2021codet5identifierawareunifiedpretrained,
      title={CodeT5: Identifier-aware Unified Pre-trained Encoder-Decoder Models for Code Understanding and Generation}, 
      author={Yue Wang and Weishi Wang and Shafiq Joty and Steven C. H. Hoi},
      year={2021},
      eprint={2109.00859},
      archivePrefix={arXiv},
      primaryClass={cs.CL},
      url={https://arxiv.org/abs/2109.00859}, 
}

@misc{ahmad2021,
      title={Unified Pre-training for Program Understanding and Generation}, 
      author={Wasi Uddin Ahmad and Saikat Chakraborty and Baishakhi Ray and Kai-Wei Chang},
      year={2021},
      eprint={2103.06333},
      archivePrefix={arXiv},
      primaryClass={cs.CL},
      url={https://arxiv.org/abs/2103.06333}, 
}

@inproceedings{hellendoorn2019global,
  title={Global relational models of source code},
  author={Hellendoorn, Vincent J and Sutton, Charles and Singh, Rishabh and Maniatis, Petros and Bieber, David},
  booktitle={International conference on learning representations},
  year={2019}
}

@article{wang2019self,
  title={Self-attention with structural position representations},
  author={Wang, Xing and Tu, Zhaopeng and Wang, Longyue and Shi, Shuming},
  journal={arXiv preprint arXiv:1909.00383},
  year={2019}
}

@inproceedings{svyatkovskiy2020intellicode,
  title={Intellicode compose: Code generation using transformer},
  author={Svyatkovskiy, Alexey and Deng, Shao Kun and Fu, Shengyu and Sundaresan, Neel},
  booktitle={Proceedings of the 28th ACM joint meeting on European software engineering conference and symposium on the foundations of software engineering},
  pages={1433--1443},
  year={2020}
}

@misc{githubGitHubCopilot,
	author = {GitHub},
	title = {{G}it{H}ub {C}opilot · {Y}our {A}{I} pair programmer --- github.com},
	howpublished = {\url{https://github.com/features/copilot}},
	year = {},
	note = {[Accessed 03-09-2024]},
}

@misc{amazonCodingAssistant,
	author = {AWS},
	title = {{A}{I} {C}oding {A}ssistant - {A}mazon {Q} {D}eveloper - {A}{W}{S} --- aws.amazon.com},
	howpublished = {\url{https://aws.amazon.com/q/developer/}},
	year = {},
	note = {[Accessed 03-09-2024]},
}

@inproceedings{ahmed2022few,
  title={Few-shot training LLMs for project-specific code-summarization},
  author={Ahmed, Toufique and Devanbu, Premkumar},
  booktitle={Proceedings of the 37th IEEE/ACM International Conference on Automated Software Engineering},
  pages={1--5},
  year={2022}
}

@article{sun2024source,
  title={Source Code Summarization in the Era of Large Language Models},
  author={Sun, Weisong and Miao, Yun and Li, Yuekang and Zhang, Hongyu and Fang, Chunrong and Liu, Yi and Deng, Gelei and Liu, Yang and Chen, Zhenyu},
  journal={arXiv preprint arXiv:2407.07959},
  year={2024}
}

@article{eniser2024towards,
  title={Towards Translating Real-World Code with LLMs: A Study of Translating to Rust},
  author={Eniser, Hasan Ferit and Zhang, Hanliang and David, Cristina and Wang, Meng and Paulsen, Brandon and Dodds, Joey and Kroening, Daniel},
  journal={arXiv preprint arXiv:2405.11514},
  year={2024}
}

@article{yin2024rectifier,
  title={Rectifier: Code Translation with Corrector via LLMs},
  author={Yin, Xin and Ni, Chao and Nguyen, Tien N and Wang, Shaohua and Yang, Xiaohu},
  journal={arXiv preprint arXiv:2407.07472},
  year={2024}
}

@article{bairi2024codeplan,
  title={Codeplan: Repository-level coding using llms and planning},
  author={Bairi, Ramakrishna and Sonwane, Atharv and Kanade, Aditya and Iyer, Arun and Parthasarathy, Suresh and Rajamani, Sriram and Ashok, B and Shet, Shashank},
  journal={Proceedings of the ACM on Software Engineering},
  volume={1},
  number={FSE},
  pages={675--698},
  year={2024},
  publisher={ACM New York, NY, USA}
}

@article{eghbali2024hallucinator,
  title={De-hallucinator: Iterative grounding for llm-based code completion},
  author={Eghbali, Aryaz and Pradel, Michael},
  journal={arXiv preprint arXiv:2401.01701},
  year={2024}
}

@inproceedings{yang2024large,
  title={Large language models for test-free fault localization},
  author={Yang, Aidan ZH and Le Goues, Claire and Martins, Ruben and Hellendoorn, Vincent},
  booktitle={Proceedings of the 46th IEEE/ACM International Conference on Software Engineering},
  pages={1--12},
  year={2024}
}

@article{lu2024grace,
  title={GRACE: Empowering LLM-based software vulnerability detection with graph structure and in-context learning},
  author={Lu, Guilong and Ju, Xiaolin and Chen, Xiang and Pei, Wenlong and Cai, Zhilong},
  journal={Journal of Systems and Software},
  volume={212},
  pages={112031},
  year={2024},
  publisher={Elsevier}
}

@article{zhou2024large,
  title={Large Language Model for Vulnerability Detection and Repair: Literature Review and Roadmap},
  author={Zhou, Xin and Cao, Sicong and Sun, Xiaobing and Lo, David},
  journal={arXiv preprint arXiv:2404.02525},
  year={2024}
}

@book{kullback1997information,
  title={Information theory and statistics},
  author={Kullback, Solomon},
  year={1997},
  publisher={Courier Corporation}
}

@article{konda1999actor,
  title={Actor-critic algorithms},
  author={Konda, Vijay and Tsitsiklis, John},
  journal={Advances in neural information processing systems},
  volume={12},
  year={1999}
}

@inproceedings{wan2018improving,
  title={Improving automatic source code summarization via deep reinforcement learning},
  author={Wan, Yao and Zhao, Zhou and Yang, Min and Xu, Guandong and Ying, Haochao and Wu, Jian and Yu, Philip S},
  booktitle={Proceedings of the 33rd ACM/IEEE international conference on automated software engineering},
  pages={397--407},
  year={2018}
}


@article{szalontai2023deep,
  title={Deep Learning-Based Refactoring with Formally Verified Training Data},
  author={Szalontai, Bal{\'a}zs and Bereczky, P{\'e}ter and Horp{\'a}csi, D{\'a}niel},
  journal={Infocommunications journal},
  volume={15},
  number={SI},
  pages={2--8},
  year={2023}
}

@inproceedings{tufano2019learning,
  title={On learning meaningful code changes via neural machine translation},
  author={Tufano, Michele and Pantiuchina, Jevgenija and Watson, Cody and Bavota, Gabriele and Poshyvanyk, Denys},
  booktitle={2019 IEEE/ACM 41st International Conference on Software Engineering (ICSE)},
  pages={25--36},
  year={2019},
  organization={IEEE}
}

@inproceedings{liu2023refbert,
  title={Refbert: A two-stage pre-trained framework for automatic rename refactoring},
  author={Liu, Hao and Wang, Yanlin and Wei, Zhao and Xu, Yong and Wang, Juhong and Li, Hui and Ji, Rongrong},
  booktitle={Proceedings of the 32nd ACM SIGSOFT International Symposium on Software Testing and Analysis},
  pages={740--752},
  year={2023}
}



@misc{chen2021decisiontransformerreinforcementlearning,
      title={Decision Transformer: Reinforcement Learning via Sequence Modeling}, 
      author={Lili Chen and Kevin Lu and Aravind Rajeswaran and Kimin Lee and Aditya Grover and Michael Laskin and Pieter Abbeel and Aravind Srinivas and Igor Mordatch},
      year={2021},
      eprint={2106.01345},
      archivePrefix={arXiv},
      primaryClass={cs.LG},
      url={https://arxiv.org/abs/2106.01345}, 
}

@misc{keneshloo2019deepreinforcementlearningsequence,
      title={Deep Reinforcement Learning For Sequence to Sequence Models}, 
      author={Yaser Keneshloo and Tian Shi and Naren Ramakrishnan and Chandan K. Reddy},
      year={2019},
      eprint={1805.09461},
      archivePrefix={arXiv},
      primaryClass={cs.LG},
      url={https://arxiv.org/abs/1805.09461}, 
}

@article{wang2024rlcoder,
  title={RLCoder: Reinforcement Learning for Repository-Level Code Completion},
  author={Wang, Yanlin and Wang, Yanli and Guo, Daya and Chen, Jiachi and Zhang, Ruikai and Ma, Yuchi and Zheng, Zibin},
  journal={arXiv preprint arXiv:2407.19487},
  year={2024}
}

@article{nichols2024performance,
  title={Performance-aligned llms for generating fast code},
  author={Nichols, Daniel and Polasam, Pranav and Menon, Harshitha and Marathe, Aniruddha and Gamblin, Todd and Bhatele, Abhinav},
  journal={arXiv preprint arXiv:2404.18864},
  year={2024}
}

@misc{lu2021codexgluemachinelearningbenchmark,
      title={CodeXGLUE: A Machine Learning Benchmark Dataset for Code Understanding and Generation}, 
      author={Shuai Lu and Daya Guo and Shuo Ren and Junjie Huang and Alexey Svyatkovskiy and Ambrosio Blanco and Colin Clement and Dawn Drain and Daxin Jiang and Duyu Tang and Ge Li and Lidong Zhou and Linjun Shou and Long Zhou and Michele Tufano and Ming Gong and Ming Zhou and Nan Duan and Neel Sundaresan and Shao Kun Deng and Shengyu Fu and Shujie Liu},
      year={2021},
      eprint={2102.04664},
      archivePrefix={arXiv},
      primaryClass={cs.SE},
      url={https://arxiv.org/abs/2102.04664}, 
}

@misc{hou2024largelanguagemodelssoftware,
      title={Large Language Models for Software Engineering: A Systematic Literature Review}, 
      author={Xinyi Hou and Yanjie Zhao and Yue Liu and Zhou Yang and Kailong Wang and Li Li and Xiapu Luo and David Lo and John Grundy and Haoyu Wang},
      year={2024},
      eprint={2308.10620},
      archivePrefix={arXiv},
      primaryClass={cs.SE},
      url={https://arxiv.org/abs/2308.10620}, 
}

@misc{paul2023,
      title={Enhancing Automated Program Repair through Fine-tuning and Prompt Engineering}, 
      author={Rishov Paul and Md. Mohib Hossain and Mohammed Latif Siddiq and Masum Hasan and Anindya Iqbal and Joanna C. S. Santos},
      year={2023},
      eprint={2304.07840},
      archivePrefix={arXiv},
      primaryClass={cs.LG},
      url={https://arxiv.org/abs/2304.07840}, 
}

@inproceedings{wu2023effective,
  title={How effective are neural networks for fixing security vulnerabilities},
  author={Wu, Yi and Jiang, Nan and Pham, Hung Viet and Lutellier, Thibaud and Davis, Jordan and Tan, Lin and Babkin, Petr and Shah, Sameena},
  booktitle={Proceedings of the 32nd ACM SIGSOFT International Symposium on Software Testing and Analysis},
  pages={1282--1294},
  year={2023}
}

@inproceedings{al2023extending,
  title={Extending source code pre-trained language models to summarise decompiled binaries},
  author={Al-Kaswan, Ali and Ahmed, Toufique and Izadi, Maliheh and Sawant, Anand Ashok and Devanbu, Premkumar and van Deursen, Arie},
  booktitle={2023 IEEE International Conference on Software Analysis, Evolution and Reengineering (SANER)},
  pages={260--271},
  year={2023},
  organization={IEEE}
}

@inproceedings{gu2022assemble,
  title={Assemble foundation models for automatic code summarization},
  author={Gu, Jian and Salza, Pasquale and Gall, Harald C},
  booktitle={2022 IEEE International Conference on Software Analysis, Evolution and Reengineering (SANER)},
  pages={935--946},
  year={2022},
  organization={IEEE}
}

@inproceedings{kusum2022unsupervised,
  title={Unsupervised translation of programming language-a survey paper},
  author={Kusum, Kusum and Ahmed, Abrar and Bhuvana, C and Vivek, V},
  booktitle={2022 4th International Conference on Advances in Computing, Communication Control and Networking (ICAC3N)},
  pages={384--388},
  year={2022},
  organization={IEEE}
}

@article{nijkamp2022codegen,
  title={Codegen: An open large language model for code with multi-turn program synthesis},
  author={Nijkamp, Erik and Pang, Bo and Hayashi, Hiroaki and Tu, Lifu and Wang, Huan and Zhou, Yingbo and Savarese, Silvio and Xiong, Caiming},
  journal={arXiv preprint arXiv:2203.13474},
  year={2022}
}

@article{christopoulou2022pangu,
  title={Pangu-coder: Program synthesis with function-level language modeling},
  author={Christopoulou, Fenia and Lampouras, Gerasimos and Gritta, Milan and Zhang, Guchun and Guo, Yinpeng and Li, Zhongqi and Zhang, Qi and Xiao, Meng and Shen, Bo and Li, Lin and others},
  journal={arXiv preprint arXiv:2207.11280},
  year={2022}
}

@article{wang2023codet5+,
  title={Codet5+: Open code large language models for code understanding and generation},
  author={Wang, Yue and Le, Hung and Gotmare, Akhilesh Deepak and Bui, Nghi DQ and Li, Junnan and Hoi, Steven CH},
  journal={arXiv preprint arXiv:2305.07922},
  year={2023}
}

@article{howard2018universal,
  title={Universal language model fine-tuning for text classification},
  author={Howard, Jeremy and Ruder, Sebastian},
  journal={arXiv preprint arXiv:1801.06146},
  year={2018}
}

@inproceedings{kenton2019bert,
  title={Bert: Pre-training of deep bidirectional transformers for language understanding},
  author={Kenton, Jacob Devlin Ming-Wei Chang and Toutanova, Lee Kristina},
  booktitle={Proceedings of naacL-HLT},
  volume={1},
  pages={2},
  year={2019}
}

@article{radford2019language,
  title={Language models are unsupervised multitask learners},
  author={Radford, Alec and Wu, Jeffrey and Child, Rewon and Luan, David and Amodei, Dario and Sutskever, Ilya and others},
  journal={OpenAI blog},
  volume={1},
  number={8},
  pages={9},
  year={2019}
}

@misc{kingma2017,
      title={Adam: A Method for Stochastic Optimization}, 
      author={Diederik P. Kingma and Jimmy Ba},
      year={2017},
      eprint={1412.6980},
      archivePrefix={arXiv},
      primaryClass={cs.LG},
      url={https://arxiv.org/abs/1412.6980}, 
}

@misc{vonwerra2022trl,
  author = {Leandro von Werra and Younes Belkada and Lewis Tunstall and Edward Beeching and Tristan Thrush and Nathan Lambert and Shengyi Huang},
  title = {TRL: Transformer Reinforcement Learning},
  year = {2020},
  publisher = {GitHub},
  journal = {GitHub repository},
  howpublished = {\url{https://github.com/huggingface/trl}}
}

@article{agnihotri2020systematic,
  title={A systematic literature survey of software metrics, code smells and refactoring techniques},
  author={Agnihotri, Mansi and Chug, Anuradha},
  journal={Journal of Information Processing Systems},
  volume={16},
  number={4},
  pages={915--934},
  year={2020},
  publisher={Korea Information Processing Society}
}

@article{lacerda2020code,
  title={Code smells and refactoring: A tertiary systematic review of challenges and observations},
  author={Lacerda, Guilherme and Petrillo, Fabio and Pimenta, Marcelo and Gu{\'e}h{\'e}neuc, Yann Ga{\"e}l},
  journal={Journal of Systems and Software},
  volume={167},
  pages={110610},
  year={2020},
  publisher={Elsevier}
}


@article{charalampidou2016identifying,
  title={Identifying extract method refactoring opportunities based on functional relevance},
  author={Charalampidou, Sofia and Ampatzoglou, Apostolos and Chatzigeorgiou, Alexander and Gkortzis, Antonios and Avgeriou, Paris},
  journal={IEEE Transactions on Software Engineering},
  volume={43},
  number={10},
  pages={954--974},
  year={2016},
  publisher={IEEE}
}


@inproceedings{balci1998verification,
  title={Verification, validation, and accreditation},
  author={Balci, Osman},
  booktitle={1998 winter simulation conference. proceedings (cat. no. 98ch36274)},
  volume={1},
  pages={41--48},
  year={1998},
  organization={IEEE}
}

@incollection{madler2021applying,
  title={Applying quality assurance concepts from software development to simulation model assessment in smart equipment},
  author={M{\"a}dler, Jonathan and Viedt, Isabell and Urbas, Leon},
  booktitle={Computer Aided Chemical Engineering},
  volume={50},
  pages={813--818},
  year={2021},
  publisher={Elsevier}
}

@book{seacord2003modernizing,
  title={Modernizing legacy systems: software technologies, engineering processes, and business practices},
  author={Seacord, Robert C and Plakosh, Daniel and Lewis, Grace A},
  year={2003},
  publisher={Addison-Wesley Professional}
}

@inproceedings{garcia2009identifying,
  title={Identifying architectural bad smells},
  author={Garcia, Joshua and Popescu, Daniel and Edwards, George and Medvidovic, Nenad},
  booktitle={2009 13th European Conference on Software Maintenance and Reengineering},
  pages={255--258},
  year={2009},
  organization={IEEE}
}

@book{fowler2018refactoring,
  title={Refactoring: improving the design of existing code},
  author={Fowler, Martin},
  year={2018},
  publisher={Addison-Wesley Professional}
}
